@article{alexandre2015behavioral,
  title={A behavioral framework for a systemic view of brain modeling},
  author={Alexandre, Fr{\'e}d{\'e}ric},
  year={2015}
}

@article{swanson1998amygdala,
  title={What is the amygdala?},
  author={Swanson, Larry W and Petrovich, Gorica D},
  journal={Trends in neurosciences},
  volume={21},
  number={8},
  pages={323--331},
  year={1998},
  publisher={Elsevier}
}

@article{ledoux2007amygdala,
  title={The amygdala},
  author={LeDoux, Joseph},
  journal={Current biology},
  volume={17},
  number={20},
  pages={R868--R874},
  year={2007},
  publisher={Elsevier}
}

@article{carrere2015pavlovian,
  title={A pavlovian model of the amygdala and its influence within the medial temporal lobe},
  author={Carrere, Maxime and Alexandre, Fr{\'e}d{\'e}ric},
  journal={Frontiers in systems neuroscience},
  volume={9},
  year={2015},
  publisher={Frontiers Media SA}
}

@article{belova2007expectation,
  title={Expectation modulates neural responses to pleasant and aversive stimuli in primate amygdala},
  author={Belova, Marina A and Paton, Joseph J and Morrison, Sara E and Salzman, C Daniel},
  journal={Neuron},
  volume={55},
  number={6},
  pages={970--984},
  year={2007},
  publisher={Elsevier}
}

@article{pessoa2010emotion,
  title={Emotion processing and the amygdala: from a'low road'to'many roads' of evaluating biological significance},
  author={Pessoa, Luiz and Adolphs, Ralph},
  journal={Nature reviews neuroscience},
  volume={11},
  number={11},
  pages={773--783},
  year={2010},
  publisher={Nature Publishing Group}
}

@article{cardinal2002emotion,
  title={Emotion and motivation: the role of the amygdala, ventral striatum, and prefrontal cortex},
  author={Cardinal, Rudolf N and Parkinson, John A and Hall, Jeremy and Everitt, Barry J},
  journal={Neuroscience \& Biobehavioral Reviews},
  volume={26},
  number={3},
  pages={321--352},
  year={2002},
  publisher={Elsevier}
}

@article{craig2003interoception,
  title={Interoception: the sense of the physiological condition of the body},
  author={Craig, AD},
  journal={Current opinion in neurobiology},
  volume={13},
  number={4},
  pages={500--505},
  year={2003},
  publisher={Elsevier}
}

@article{manto2012consensus,
  title={Consensus paper: roles of the cerebellum in motor controlâ€”the diversity of ideas on cerebellar involvement in movement},
  author={Manto, Mario and Bower, James M and Conforto, Adriana Bastos and Delgado-Garc{\'\i}a, Jos{\'e} M and da Guarda, Suzete Nascimento Farias and Gerwig, Marcus and Habas, Christophe and Hagura, Nobuhiro and Ivry, Richard B and Mari{\"e}n, Peter and others},
  journal={The Cerebellum},
  volume={11},
  number={2},
  pages={457--487},
  year={2012},
  publisher={Springer}
}

@article{middleton2000basal,
  title={Basal ganglia and cerebellar loops: motor and cognitive circuits},
  author={Middleton, Frank A and Strick, Peter L},
  journal={Brain research reviews},
  volume={31},
  number={2},
  pages={236--250},
  year={2000},
  publisher={Elsevier}
}

@article{lee1988population,
  title={Population coding of saccadic eye movements by neurons in the superior colliculus},
  author={Lee, Choongkil and Rohrer, William H and Sparks, David L and others},
  journal={Nature},
  volume={332},
  number={6162},
  pages={357--360},
  year={1988}
}

@article{taouali2015parsimonious,
  title={A parsimonious computational model of visual target position encoding in the superior colliculus},
  author={Taouali, Wahiba and Goffart, Laurent and Alexandre, Fr{\'e}d{\'e}ric and Rougier, Nicolas P},
  journal={Biological cybernetics},
  volume={109},
  number={4-5},
  pages={549--559},
  year={2015},
  publisher={Springer}
}

@article{dean1989event,
  title={Event or emergency? Two response systems in the mammalian superior colliculus},
  author={Dean, P and Redgrave, P and Westby, GWM},
  journal={Trends in neurosciences},
  volume={12},
  number={4},
  pages={137--147},
  year={1989},
  publisher={Elsevier}
}

@article{sommer2004brain,
  title={What the brain stem tells the frontal cortex. I. Oculomotor signals sent from superior colliculus to frontal eye field via mediodorsal thalamus},
  author={Sommer, Marc A and Wurtz, Robert H},
  journal={Journal of neurophysiology},
  volume={91},
  number={3},
  pages={1381--1402},
  year={2004},
  publisher={Am Physiological Soc}
}

@article{barot2008visualizing,
  title={Visualizing stimulus convergence in amygdala neurons during associative learning},
  author={Barot, Sabiha K and Kyono, Yasuhiro and Clark, Emily W and Bernstein, Ilene L},
  journal={Proceedings of the National Academy of Sciences},
  volume={105},
  number={52},
  pages={20959--20963},
  year={2008},
  publisher={National Acad Sciences}
}

@article{cassell1999intrinsic,
  title={The intrinsic organization of the central extended amygdala},
  author={Cassell, Martin D and Freedman, Lorin J and Shi, Changjun},
  journal={Annals of the New York Academy of Sciences},
  volume={877},
  number={1},
  pages={217--241},
  year={1999},
  publisher={Wiley Online Library}
}

@article{eichenbaum2012towards,
  title={Towards a functional organization of episodic memory in the medial temporal lobe},
  author={Eichenbaum, Howard and Sauvage, Magdalena and Fortin, Norbert and Komorowski, Robert and Lipton, Paul},
  journal={Neuroscience \& Biobehavioral Reviews},
  volume={36},
  number={7},
  pages={1597--1608},
  year={2012},
  publisher={Elsevier}
}

@article{wallis2007orbitofrontal,
  title={Orbitofrontal cortex and its contribution to decision-making},
  author={Wallis, Jonathan D},
  journal={Annu. Rev. Neurosci.},
  volume={30},
  pages={31--56},
  year={2007},
  publisher={Annual Reviews}
}

@article{sierra2011dissociable,
  title={Dissociable roles of prelimbic and infralimbic cortices, ventral hippocampus, and basolateral amygdala in the expression and extinction of conditioned fear},
  author={Sierra-Mercado, Demetrio and Padilla-Coreano, Nancy and Quirk, Gregory J},
  journal={Neuropsychopharmacology},
  volume={36},
  number={2},
  pages={529--538},
  year={2011},
  publisher={Nature Publishing Group}
}

@article{pauli2012expectancy,
  title={Expectancy, ambiguity, and behavioral flexibility: separable and complementary roles of the orbital frontal cortex and amygdala in processing reward expectancies},
  author={Pauli, Wolfgang M and Hazy, Thomas E and O'Reilly, Randall C},
  journal={Journal of Cognitive Neuroscience},
  volume={24},
  number={2},
  pages={351--366},
  year={2012},
  publisher={MIT Press}
}

@book{moren2002emotion,
  title={Emotion and learning-A computational model of the amygdala},
  author={Moren, Jan},
  volume={93},
  year={2002},
  publisher={Lund University Cognitive Science}
}

@article{ledoux2007amygdala,
  title={The amygdala},
  author={LeDoux, Joseph},
  journal={Current biology},
  volume={17},
  number={20},
  pages={R868--R874},
  year={2007},
  publisher={Elsevier}
}

@article{herry2008switching,
  title={Switching on and off fear by distinct neuronal circuits},
  author={Herry, Cyril and Ciocchi, Stephane and Senn, Verena and Demmou, Lynda and M{\"u}ller, Christian and L{\"u}thi, Andreas},
  journal={Nature},
  volume={454},
  number={7204},
  pages={600--606},
  year={2008},
  publisher={Nature Publishing Group}
}

@article{lee2013inhibitory,
  title={Inhibitory networks of the amygdala for emotional memory},
  author={Lee, Seungho and Kim, Su-Jeong and Kwon, Oh-Bin and Lee, Joo Han and Kim, Joung-Hun},
  journal={Frontiers in neural circuits},
  volume={7},
  pages={129},
  year={2013},
  publisher={Frontiers}
}

@article{ciocchi2010encoding,
  title={Encoding of conditioned fear in central amygdala inhibitory circuits},
  author={Ciocchi, Stephane and Herry, Cyril and Grenier, Fran{\c{c}}ois and Wolff, Steffen BE and Letzkus, Johannes J and Vlachos, Ioannis and Ehrlich, Ingrid and Sprengel, Rolf and Deisseroth, Karl and Stadler, Michael B and others},
  journal={Nature},
  volume={468},
  number={7321},
  pages={277--282},
  year={2010},
  publisher={Nature Publishing Group}
}
